<record><leader>00000cas a22000007a 4500</leader><controlfield tag="001">20686150</controlfield><controlfield tag="008">891122d18811889aluwr ne      0    0eng d</controlfield><datafield ind1=" " ind2=" " tag="010"><subfield code="a">sn 89050039 </subfield></datafield><datafield ind1=" " ind2=" " tag="040"><subfield code="a">CPN</subfield><subfield code="b">eng</subfield><subfield code="c">CPN</subfield><subfield code="d">OCLCQ</subfield></datafield><datafield ind1=" " ind2=" " tag="042"><subfield code="a">msc</subfield></datafield><datafield ind1="0" ind2="4" tag="245"><subfield code="a">The Edwardsville standard.</subfield></datafield><datafield ind1=" " ind2=" " tag="260"><subfield code="a">Edwardsville, Ala. :</subfield><subfield code="b">J.W. Yarbrough,</subfield><subfield code="c">1881-1889.</subfield></datafield><datafield ind1=" " ind2=" " tag="300"><subfield code="a">v.</subfield></datafield><datafield ind1=" " ind2=" " tag="310"><subfield code="a">Weekly</subfield></datafield><datafield ind1="0" ind2=" " tag="362"><subfield code="a">Vol. 1, no. 1 (Dec. 1, 1881)-v. 8, no. 34 (July 11, 1889).</subfield></datafield><datafield ind1=" " ind2=" " tag="752"><subfield code="a">United States</subfield><subfield code="b">Alabama</subfield><subfield code="c">Cleburne</subfield><subfield code="d">Edwardsville.</subfield></datafield><datafield ind1="0" ind2="7" tag="785"><subfield code="t">Cleburne County news</subfield><subfield code="w">(DLC)sn 89050038</subfield></datafield><datafield ind1="0" ind2="7" tag="785"><subfield code="t">Standard-news (Edwardsville, Ala.)</subfield><subfield code="w">(DLC)sn 89050040</subfield></datafield></record>